<?xml version="1.0" encoding="UTF-8"?><collection xmlns="http://www.loc.gov/MARC21/slim"><record><leader>00470nam--2200181-i-4500</leader><controlfield tag="001">000011163</controlfield><controlfield tag="002">20161230</controlfield><controlfield tag="005">20161230201029</controlfield><controlfield tag="008">060222s1000------------r-----000-0-eng-d</controlfield><datafield ind1=" " ind2=" " tag="040"><subfield code="a">IFIN-HH</subfield></datafield><datafield ind1=" " ind2=" " tag="080"><subfield code="a">519.1</subfield></datafield><datafield ind1="1" ind2=" " tag="100"><subfield code="a">Berman, Gerald</subfield></datafield><datafield ind1="1" ind2="0" tag="245"><subfield code="a">Introduction to combinatorics</subfield><subfield code="c">Gerald Berman ; K.D. Fryer</subfield></datafield><datafield ind1=" " ind2=" " tag="260"><subfield code="a">New York, Academic Press, 1972</subfield></datafield><datafield ind1=" " ind2=" " tag="300"><subfield code="a">XIII + 300 P</subfield></datafield><datafield ind1=" " ind2=" " tag="700"><subfield code="a">Fryer, K.D</subfield></datafield><datafield ind1=" " ind2=" " tag="852"><subfield code="a">40905</subfield><subfield code="c">519.2</subfield></datafield><datafield ind1=" " ind2=" " tag="CAT"><subfield code="a">Sys</subfield><subfield code="c">20100527</subfield><subfield code="h">114523</subfield></datafield></record></collection>